%! Author = sdadalt
%! Date = 20/3/25

